@ARTICLE {cerny,
    author  = "\v{C}ern\'{y}  J\'{a}n",
    title   = "A Note on Homogeneous Experiments with Finite Automata  {English}",
    journal = "Matematicko-fyzik\'{a}lny \v casopis",
    year    = "1964",
    volume  = "14",
    pages   = "208-216",
    issue   = "3"
}
@INPROCEEDINGS {Beamer,
    author    = "S. Beamer and K. Asanovi\'{c} and D. Patterson",
    title     = "Direction-optimizing Breadth-first Search",
    booktitle = "Proceedings of the International Conference on High Performance Computing, Networking, Storage and Analysis",
    year      = "2012",
    series    = "SC '12",
    pages     = "12:1--12:10",
    address   = "Los Alamitos, CA, USA",
    publisher = "IEEE Computer Society Press",
    isbn      = "978-1-4673-0804-5",
    location  = "Salt Lake City, Utah",
    articleno = "12",
    numpages  = "10",
    url       = "http://dl.acm.org/citation.cfm?id=2388996.2389013",
    acmid     = "2389013"
}
@ARTICLE {nvidia,
    author    = "{NVIDIA}",
    title     = "{NVIDIA CUDA C Programming Guide}",
    year      = "2015",
    publisher = "{NVIDIA Corporation}, 2701 San Tomas Expressway",
    url       = "http://docs.nvidia.com/cuda/pdf/CUDA\_C\_Programming\_Guide.pdf"
}
@INPROCEEDINGS {Trahtman04,
    author    = "A. N. Trahtman",
    title     = "Some results of implemented algorithms of synchronization",
    booktitle = "10th Journees Montoises d'Inform",
    year      = "2004"
}
@proceedings{Broy05,
    editor    = {Manfred Broy and Bengt Jonsson and Joost{-}Pieter Katoen and Martin Leucker and Alexander Pretschner},
    title     = "Model-Based Testing of Reactive Systems, Advanced Lectures",
    series    = {Lecture Notes in Computer Science},
    volume    = {3472},
    publisher = {Springer},
    year      = {2005},
    isbn      = {3-540-26278-4},
    timestamp = {Tue, 04 Oct 2005 10:57:21 +0200},
    biburl    = {http://dblp.uni-trier.de/rec/bib/conf/dagstuhl/2004test},
    bibsource = {dblp computer science bibliography, http://dblp.org}
}
@article{LY96,
    title={Principles and methods of testing finite state machines-a survey},
    author={Lee, David and Yannakakis, Mihalis},
    journal={Proceedings of the IEEE},
    volume={84},
    number={8},
    pages={1090--1123},
    year={1996},
    publisher={IEEE}
}
@inproceedings{Cho93,
    title={Multiple observation time single reference test generation using synchronizing sequences},
    author={Cho, Hyunwoo and Jeong, Seh-Woong and Somenzi, F and Pixley, C},
    booktitle={Design Automation, 1993, with the European Event in ASIC Design. Proceedings.[4th] European Conference on},
    pages={494--498},
    year={1993},
    organization={IEEE}
}
@article{JUY15,
    author    = {Guy{-}Vincent Jourdan and Hasan Ural and H{\"{u}}sn{\"{u}} Yenig{\"{u}}n},
    title     = {Reduced checking sequences using unreliable reset},
    journal   = {Inf. Process. Lett.},
    volume    = {115},
    number    = {5},
    pages     = {532--535},
    year      = {2015},
    timestamp = {Fri, 06 Mar 2015 13:38:27 +0100},
    biburl    = {http://dblp.uni-trier.de/rec/bib/journals/ipl/JourdanUY15},
    bibsource = {dblp computer science bibliography, http://dblp.org}
}
@INPROCEEDINGS{Natarajan86, 
author={B. K. Natarajan}, 
booktitle={27th Annual Symposium on Foundations of Computer Science (sfcs 1986)}, 
title={An algorithmic approach to the automated design of parts orienters}, 
year={1986}, 
volume={}, 
number={}, 
pages={132-142}, 
keywords={Algorithm design and analysis;CADCAM;Computer aided manufacturing;Design automation;Feeds;Manufacturing processes;Motion planning;Polynomials;Robotic assembly;Robots}, 
doi={10.1109/SFCS.1986.5}, 
ISSN={0272-5428}, 
month={Oct}
}
@inproceedings{Volkov08,
    title={Synchronizing automata and the {{\v{C}}ern{\'y}} conjecture},
    author={Volkov, Mikhail V},
    booktitle={International Conference on Language and Automata Theory and Applications},
    pages={11--27},
    year={2008},
    organization={Springer}
}
@article{Eppstein90,
  title={Reset sequences for monotonic automata},
  author={Eppstein, David},
  journal={SIAM J. Comput.},
  volume={19},
  number={3},
  pages={500--510},
  year={1990}
}
@inproceedings{OU10,
    title={The complexity of finding reset words in finite automata},
    author={Olschewski, J{\"o}rg and Ummels, Michael},
    booktitle={International Symposium on Mathematical Foundations of Computer Science},
    pages={568--579},
    year={2010},
    organization={Springer}
}
@Article{KKS15,
    author="Kisielewicz, Andrzej and Kowalski, Jakub and Szyku{\l}a, Marek",
    title="Computing the shortest reset words of synchronizing automata",
    journal="Journal of Combinatorial Optimization",
    year="2015",
    month="Jan",
    volume="29",
    number="1",
    pages="88--124",
}
@article{Cerny64,
    title={Pozn{\'a}mka k homog{\'e}nnym experimentom s kone{\v{c}}n{\`y}mi automatmi},
    author={{\v{C}}ern{\'y}, J{\'a}n},
    journal={Matematicko-fyzik{\'a}lny {\v{c}}asopis},
    volume={14},
    number={3},
    pages={208--216},
    year={1964},
    publisher={Mathematical Institute of the Slovak Academy of Sciences}
}
@article{Cerny71,
    title={On directable automata},
    author={{\v{C}}ern{\'y}, J{\'a}n and Pirick{\'a}, Alica and Rosenauerov{\'a}, Blanka},
    journal={Kybernetika},
    volume={7},
    number={4},
    pages={289--298},
    year={1971},
    publisher={Institute of Information Theory and Automation AS CR}
}
@article{Pin83,
    title={On two combinatorial problems arising from automata theory},
    author={Jean-Eric Pin},
    journal={North-Holland Mathematics Studies},
    volume={75},
    pages={535--548},
    year={1983},
    publisher={Elsevier}
}
@article{Szykula17,
  author    = {Marek Szyku{\l}a},
  title     = {Improving the upper bound the length of the shortest reset words},
  journal   = {CoRR},
  volume    = {abs/1702.05455},
  year      = {2017},
  url       = {http://arxiv.org/abs/1702.05455}
}
@article{Roman09,
    author    = {Adam Roman},
    title     = {Synchronizing finite automata with short reset words},
    journal   = {Applied Mathematics and Computation},
    volume    = {209},
    number    = {1},
    pages     = {125--136},
    year      = {2009}
}
@article{Roman12,
    author    = {R. Kud{\l}acik and A. Roman and H. Wagner}, 
    title     = {Effective Synchronizing Algorithms},
    journal   = {Expert Systems with Applications},
    volume    = {39},
    number    = {14},
    pages     = {11746--11757},
    year      = {2012}
}
@article{RS15,
  author    = {Adam Roman and Marek Szyku{\l}a},
  title     = {Forward and backward synchronizing algorithms},
  journal   = {Expert Systems with Applications},
  volume    = {42},
  number    = {24},
  pages     = {9512--9527},
  year      = {2015}
}
@inproceedings{Berlinkov2016,
Author = {Berlinkov, Mikhail V.},
Booktitle = {Algorithms and Discrete Applied Mathematics: Second International Conference, CALDAM 2016, Thiruvananthapuram, India, February 18-20, 2016, Proceedings},
Editor = {Govindarajan, Sathish and Maheshwari, Anil},
Pages = {73--84},
Publisher = {Springer International Publishing},
Title = {On the Probability of Being Synchronizable},
Year = {2016}
}
@article{Uraz,
    Author = {U. C. T\"{u}rker},
    Journal = {{IJFCS} International Journal of Foundations of Computer Science},
    Title = {Parallel Algorithm For Deriving Reset Sequences From Deterministic Incomplete Finite Automata - {\em Submitted} },
}
@article{SpeedingUptheFastest,
title = "Synchronizing heuristics: Speeding up the fastest",
journal = "Expert Systems with Applications",
volume = "94",
number = "Supplement C",
pages = "265 - 275",
year = "2018",
issn = "0957-4174",
doi = "https://doi.org/10.1016/j.eswa.2017.10.054",
url = "http://www.sciencedirect.com/science/article/pii/S0957417417307364",
author = "Sertaç Karahoda and Kamer Kaya and Hüsnü Yenigün",
keywords = "Finite state automata, Synchronizing words, Synchronizing heuristics"
}

@inproceedings{KEK16,
        title={Parallelizing Heuristics for Generating Synchronizing Sequences},
        author={Karahoda, Serta{\c{c}} and Erenay, Osman Tufan and Kaya, Kamer and T{\"u}rker, Uraz Cengiz and Yenig{\"u}n, H{\"u}sn{\"u}}, 
    booktitle={IFIP International Conference on Testing Software and Systems},
    pages={106--122},
    year={2016},
    organization={Springer International Publishing}
}